%YAML 1.1
%TAG !u! tag:unity3d.com,2011:
--- !u!29 &1
OcclusionCullingSettings:
  m_ObjectHideFlags: 0
  serializedVersion: 2
  m_OcclusionBakeSettings:
    smallestOccluder: 5
    smallestHole: 0.25
    backfaceThreshold: 100
  m_SceneGUID: 00000000000000000000000000000000
  m_OcclusionCullingData: {fileID: 0}
--- !u!104 &2
RenderSettings:
  m_ObjectHideFlags: 0
  serializedVersion: 9
  m_Fog: 0
  m_FogColor: {r: 0.5, g: 0.5, b: 0.5, a: 1}
  m_FogMode: 3
  m_FogDensity: 0.01
  m_LinearFogStart: 0
  m_LinearFogEnd: 300
  m_AmbientSkyColor: {r: 0.212, g: 0.227, b: 0.259, a: 1}
  m_AmbientEquatorColor: {r: 0.114, g: 0.125, b: 0.133, a: 1}
  m_AmbientGroundColor: {r: 0.047, g: 0.043, b: 0.035, a: 1}
  m_AmbientIntensity: 1
  m_AmbientMode: 0
  m_SubtractiveShadowColor: {r: 0.42, g: 0.478, b: 0.627, a: 1}
  m_SkyboxMaterial: {fileID: 10304, guid: 0000000000000000f000000000000000, type: 0}
  m_HaloStrength: 0.5
  m_FlareStrength: 1
  m_FlareFadeSpeed: 3
  m_HaloTexture: {fileID: 0}
  m_SpotCookie: {fileID: 10001, guid: 0000000000000000e000000000000000, type: 0}
  m_DefaultReflectionMode: 0
  m_DefaultReflectionResolution: 128
  m_ReflectionBounces: 1
  m_ReflectionIntensity: 1
  m_CustomReflection: {fileID: 0}
  m_Sun: {fileID: 0}
  m_IndirectSpecularColor: {r: 0.44657844, g: 0.49641222, b: 0.57481694, a: 1}
  m_UseRadianceAmbientProbe: 0
--- !u!157 &3
LightmapSettings:
  m_ObjectHideFlags: 0
  serializedVersion: 11
  m_GIWorkflowMode: 0
  m_GISettings:
    serializedVersion: 2
    m_BounceScale: 1
    m_IndirectOutputScale: 1
    m_AlbedoBoost: 1
    m_TemporalCoherenceThreshold: 1
    m_EnvironmentLightingMode: 0
    m_EnableBakedLightmaps: 1
    m_EnableRealtimeLightmaps: 1
  m_LightmapEditorSettings:
    serializedVersion: 10
    m_Resolution: 2
    m_BakeResolution: 40
    m_AtlasSize: 1024
    m_AO: 0
    m_AOMaxDistance: 1
    m_CompAOExponent: 1
    m_CompAOExponentDirect: 0
    m_Padding: 2
    m_LightmapParameters: {fileID: 0}
    m_LightmapsBakeMode: 1
    m_TextureCompression: 1
    m_FinalGather: 0
    m_FinalGatherFiltering: 1
    m_FinalGatherRayCount: 256
    m_ReflectionCompression: 2
    m_MixedBakeMode: 2
    m_BakeBackend: 1
    m_PVRSampling: 1
    m_PVRDirectSampleCount: 32
    m_PVRSampleCount: 500
    m_PVRBounces: 2
    m_PVRFilterTypeDirect: 0
    m_PVRFilterTypeIndirect: 0
    m_PVRFilterTypeAO: 0
    m_PVRFilteringMode: 1
    m_PVRCulling: 1
    m_PVRFilteringGaussRadiusDirect: 1
    m_PVRFilteringGaussRadiusIndirect: 5
    m_PVRFilteringGaussRadiusAO: 2
    m_PVRFilteringAtrousPositionSigmaDirect: 0.5
    m_PVRFilteringAtrousPositionSigmaIndirect: 2
    m_PVRFilteringAtrousPositionSigmaAO: 1
    m_ShowResolutionOverlay: 1
  m_LightingDataAsset: {fileID: 0}
  m_UseShadowmask: 1
--- !u!196 &4
NavMeshSettings:
  serializedVersion: 2
  m_ObjectHideFlags: 0
  m_BuildSettings:
    serializedVersion: 2
    agentTypeID: 0
    agentRadius: 0.5
    agentHeight: 2
    agentSlope: 45
    agentClimb: 0.4
    ledgeDropHeight: 0
    maxJumpAcrossDistance: 0
    minRegionArea: 2
    manualCellSize: 0
    cellSize: 0.16666667
    manualTileSize: 0
    tileSize: 256
    accuratePlacement: 0
    debug:
      m_Flags: 0
  m_NavMeshData: {fileID: 0}
--- !u!4 &392819455 stripped
Transform:
  m_CorrespondingSourceObject: {fileID: 4075088854995802, guid: 2fbfab9add6782b498854f52fe81f730,
    type: 2}
  m_PrefabInternal: {fileID: 1356157479}
--- !u!146 &515538119 stripped
WheelCollider:
  m_CorrespondingSourceObject: {fileID: 146002787970482504, guid: 2fbfab9add6782b498854f52fe81f730,
    type: 2}
  m_PrefabInternal: {fileID: 1356157479}
--- !u!146 &673918292 stripped
WheelCollider:
  m_CorrespondingSourceObject: {fileID: 146510292600948802, guid: 2fbfab9add6782b498854f52fe81f730,
    type: 2}
  m_PrefabInternal: {fileID: 1356157479}
--- !u!1001 &701332305
Prefab:
  m_ObjectHideFlags: 0
  serializedVersion: 2
  m_Modification:
    m_TransformParent: {fileID: 0}
    m_Modifications:
    - target: {fileID: 4124803924318280, guid: 38cc7ad5e4a36fc4f9ba2f2582f2d090, type: 2}
      propertyPath: m_LocalPosition.x
      value: 0
      objectReference: {fileID: 0}
    - target: {fileID: 4124803924318280, guid: 38cc7ad5e4a36fc4f9ba2f2582f2d090, type: 2}
      propertyPath: m_LocalPosition.y
      value: 0
      objectReference: {fileID: 0}
    - target: {fileID: 4124803924318280, guid: 38cc7ad5e4a36fc4f9ba2f2582f2d090, type: 2}
      propertyPath: m_LocalPosition.z
      value: 0
      objectReference: {fileID: 0}
    - target: {fileID: 4124803924318280, guid: 38cc7ad5e4a36fc4f9ba2f2582f2d090, type: 2}
      propertyPath: m_LocalRotation.x
      value: 0
      objectReference: {fileID: 0}
    - target: {fileID: 4124803924318280, guid: 38cc7ad5e4a36fc4f9ba2f2582f2d090, type: 2}
      propertyPath: m_LocalRotation.y
      value: -0
      objectReference: {fileID: 0}
    - target: {fileID: 4124803924318280, guid: 38cc7ad5e4a36fc4f9ba2f2582f2d090, type: 2}
      propertyPath: m_LocalRotation.z
      value: -0
      objectReference: {fileID: 0}
    - target: {fileID: 4124803924318280, guid: 38cc7ad5e4a36fc4f9ba2f2582f2d090, type: 2}
      propertyPath: m_LocalRotation.w
      value: 1
      objectReference: {fileID: 0}
    - target: {fileID: 4124803924318280, guid: 38cc7ad5e4a36fc4f9ba2f2582f2d090, type: 2}
      propertyPath: m_RootOrder
      value: 1
      objectReference: {fileID: 0}
    - target: {fileID: 4807784930559310, guid: 38cc7ad5e4a36fc4f9ba2f2582f2d090, type: 2}
      propertyPath: m_LocalPosition.z
      value: 0.493
      objectReference: {fileID: 0}
    m_RemovedComponents: []
  m_SourcePrefab: {fileID: 100100000, guid: 38cc7ad5e4a36fc4f9ba2f2582f2d090, type: 2}
  m_IsPrefabAsset: 0
--- !u!4 &718827768 stripped
Transform:
  m_CorrespondingSourceObject: {fileID: 4249210132062392, guid: 2fbfab9add6782b498854f52fe81f730,
    type: 2}
  m_PrefabInternal: {fileID: 1356157479}
--- !u!146 &736464366 stripped
WheelCollider:
  m_CorrespondingSourceObject: {fileID: 146123284734125330, guid: 2fbfab9add6782b498854f52fe81f730,
    type: 2}
  m_PrefabInternal: {fileID: 1356157479}
--- !u!1 &761939844
GameObject:
  m_ObjectHideFlags: 0
  m_CorrespondingSourceObject: {fileID: 0}
  m_PrefabInternal: {fileID: 0}
  serializedVersion: 6
  m_Component:
  - component: {fileID: 761939845}
  - component: {fileID: 761939846}
  m_Layer: 0
  m_Name: Right Signal
  m_TagString: Right Signal
  m_Icon: {fileID: 0}
  m_NavMeshLayer: 0
  m_StaticEditorFlags: 0
  m_IsActive: 1
--- !u!4 &761939845
Transform:
  m_ObjectHideFlags: 0
  m_CorrespondingSourceObject: {fileID: 0}
  m_PrefabInternal: {fileID: 0}
  m_GameObject: {fileID: 761939844}
  m_LocalRotation: {x: -0, y: -0, z: -0, w: 1}
  m_LocalPosition: {x: -0.468, y: -1.7350001, z: 2.46}
  m_LocalScale: {x: 1, y: 1, z: 1}
  m_Children: []
  m_Father: {fileID: 1103249075}
  m_RootOrder: 1
  m_LocalEulerAnglesHint: {x: 0, y: 0, z: 0}
--- !u!108 &761939846
Light:
  m_ObjectHideFlags: 0
  m_CorrespondingSourceObject: {fileID: 0}
  m_PrefabInternal: {fileID: 0}
  m_GameObject: {fileID: 761939844}
  m_Enabled: 1
  serializedVersion: 8
  m_Type: 2
  m_Color: {r: 1, g: 0.91550606, b: 0, a: 1}
  m_Intensity: 1
  m_Range: 10
  m_SpotAngle: 30
  m_CookieSize: 10
  m_Shadows:
    m_Type: 0
    m_Resolution: -1
    m_CustomResolution: -1
    m_Strength: 1
    m_Bias: 0.05
    m_NormalBias: 0.4
    m_NearPlane: 0.2
  m_Cookie: {fileID: 0}
  m_DrawHalo: 0
  m_Flare: {fileID: 0}
  m_RenderMode: 0
  m_CullingMask:
    serializedVersion: 2
    m_Bits: 4294967295
  m_Lightmapping: 4
  m_LightShadowCasterMode: 0
  m_AreaSize: {x: 1, y: 1}
  m_BounceIntensity: 1
  m_ColorTemperature: 6570
  m_UseColorTemperature: 0
  m_ShadowRadius: 0
  m_ShadowAngle: 0
--- !u!1001 &811411676
Prefab:
  m_ObjectHideFlags: 0
  serializedVersion: 2
  m_Modification:
    m_TransformParent: {fileID: 0}
    m_Modifications:
    - target: {fileID: 4949270735616582, guid: 3f5932a899fbd424e806ed2d04a10e75, type: 2}
      propertyPath: m_LocalPosition.x
      value: 0
      objectReference: {fileID: 0}
    - target: {fileID: 4949270735616582, guid: 3f5932a899fbd424e806ed2d04a10e75, type: 2}
      propertyPath: m_LocalPosition.y
      value: 0
      objectReference: {fileID: 0}
    - target: {fileID: 4949270735616582, guid: 3f5932a899fbd424e806ed2d04a10e75, type: 2}
      propertyPath: m_LocalPosition.z
      value: 0
      objectReference: {fileID: 0}
    - target: {fileID: 4949270735616582, guid: 3f5932a899fbd424e806ed2d04a10e75, type: 2}
      propertyPath: m_LocalRotation.x
      value: 0
      objectReference: {fileID: 0}
    - target: {fileID: 4949270735616582, guid: 3f5932a899fbd424e806ed2d04a10e75, type: 2}
      propertyPath: m_LocalRotation.y
      value: 0
      objectReference: {fileID: 0}
    - target: {fileID: 4949270735616582, guid: 3f5932a899fbd424e806ed2d04a10e75, type: 2}
      propertyPath: m_LocalRotation.z
      value: 0
      objectReference: {fileID: 0}
    - target: {fileID: 4949270735616582, guid: 3f5932a899fbd424e806ed2d04a10e75, type: 2}
      propertyPath: m_LocalRotation.w
      value: 1
      objectReference: {fileID: 0}
    - target: {fileID: 4949270735616582, guid: 3f5932a899fbd424e806ed2d04a10e75, type: 2}
      propertyPath: m_RootOrder
      value: 6
      objectReference: {fileID: 0}
    - target: {fileID: 114950553317378256, guid: 3f5932a899fbd424e806ed2d04a10e75,
        type: 2}
      propertyPath: rawStartingRoad.Array.data[0]
      value: 
      objectReference: {fileID: 4971208229832364, guid: 8e5e69d525846407c87b20043187b3f2,
        type: 2}
    - target: {fileID: 114950553317378256, guid: 3f5932a899fbd424e806ed2d04a10e75,
        type: 2}
      propertyPath: rawStartingRoad.Array.data[1]
      value: 
      objectReference: {fileID: 4971208229832364, guid: 8e5e69d525846407c87b20043187b3f2,
        type: 2}
    - target: {fileID: 114950553317378256, guid: 3f5932a899fbd424e806ed2d04a10e75,
        type: 2}
      propertyPath: rawStartingRoad.Array.data[2]
      value: 
      objectReference: {fileID: 4971208229832364, guid: 8e5e69d525846407c87b20043187b3f2,
        type: 2}
    - target: {fileID: 114950553317378256, guid: 3f5932a899fbd424e806ed2d04a10e75,
        type: 2}
      propertyPath: rawStartingRoad.Array.data[3]
      value: 
      objectReference: {fileID: 4971208229832364, guid: 8e5e69d525846407c87b20043187b3f2,
        type: 2}
    - target: {fileID: 114950553317378256, guid: 3f5932a899fbd424e806ed2d04a10e75,
        type: 2}
      propertyPath: StartingRoadLen
      value: 4
      objectReference: {fileID: 0}
    - target: {fileID: 1967000948720902, guid: 3f5932a899fbd424e806ed2d04a10e75, type: 2}
      propertyPath: m_IsActive
      value: 0
      objectReference: {fileID: 0}
    m_RemovedComponents: []
  m_SourcePrefab: {fileID: 100100000, guid: 3f5932a899fbd424e806ed2d04a10e75, type: 2}
  m_IsPrefabAsset: 0
--- !u!1 &997988240
GameObject:
  m_ObjectHideFlags: 0
  m_CorrespondingSourceObject: {fileID: 0}
  m_PrefabInternal: {fileID: 0}
  serializedVersion: 6
  m_Component:
  - component: {fileID: 997988241}
  - component: {fileID: 997988242}
  m_Layer: 0
  m_Name: Left Signal
  m_TagString: Left Signal
  m_Icon: {fileID: 0}
  m_NavMeshLayer: 0
  m_StaticEditorFlags: 0
  m_IsActive: 1
--- !u!4 &997988241
Transform:
  m_ObjectHideFlags: 0
  m_CorrespondingSourceObject: {fileID: 0}
  m_PrefabInternal: {fileID: 0}
  m_GameObject: {fileID: 997988240}
  m_LocalRotation: {x: 0, y: 0, z: 0, w: 1}
  m_LocalPosition: {x: -0.19, y: -1.735, z: -0.99}
  m_LocalScale: {x: 1, y: 1, z: 1}
  m_Children: []
  m_Father: {fileID: 1103249075}
  m_RootOrder: 0
  m_LocalEulerAnglesHint: {x: 0, y: 0, z: 0}
--- !u!108 &997988242
Light:
  m_ObjectHideFlags: 0
  m_CorrespondingSourceObject: {fileID: 0}
  m_PrefabInternal: {fileID: 0}
  m_GameObject: {fileID: 997988240}
  m_Enabled: 1
  serializedVersion: 8
  m_Type: 2
  m_Color: {r: 1, g: 0.91550606, b: 0, a: 1}
  m_Intensity: 1
  m_Range: 10
  m_SpotAngle: 30
  m_CookieSize: 10
  m_Shadows:
    m_Type: 0
    m_Resolution: -1
    m_CustomResolution: -1
    m_Strength: 1
    m_Bias: 0.05
    m_NormalBias: 0.4
    m_NearPlane: 0.2
  m_Cookie: {fileID: 0}
  m_DrawHalo: 0
  m_Flare: {fileID: 0}
  m_RenderMode: 0
  m_CullingMask:
    serializedVersion: 2
    m_Bits: 4294967295
  m_Lightmapping: 4
  m_LightShadowCasterMode: 0
  m_AreaSize: {x: 1, y: 1}
  m_BounceIntensity: 1
  m_ColorTemperature: 6570
  m_UseColorTemperature: 0
  m_ShadowRadius: 0
  m_ShadowAngle: 0
--- !u!1 &1004421206
GameObject:
  m_ObjectHideFlags: 0
  m_CorrespondingSourceObject: {fileID: 0}
  m_PrefabInternal: {fileID: 0}
  serializedVersion: 6
  m_Component:
  - component: {fileID: 1004421208}
  - component: {fileID: 1004421207}
  m_Layer: 0
  m_Name: Directional Light
  m_TagString: Untagged
  m_Icon: {fileID: 0}
  m_NavMeshLayer: 0
  m_StaticEditorFlags: 0
  m_IsActive: 1
--- !u!108 &1004421207
Light:
  m_ObjectHideFlags: 0
  m_CorrespondingSourceObject: {fileID: 0}
  m_PrefabInternal: {fileID: 0}
  m_GameObject: {fileID: 1004421206}
  m_Enabled: 1
  serializedVersion: 8
  m_Type: 1
  m_Color: {r: 1, g: 0.95686275, b: 0.8392157, a: 1}
  m_Intensity: 1
  m_Range: 10
  m_SpotAngle: 30
  m_CookieSize: 10
  m_Shadows:
    m_Type: 2
    m_Resolution: -1
    m_CustomResolution: -1
    m_Strength: 1
    m_Bias: 0.05
    m_NormalBias: 0.4
    m_NearPlane: 0.2
  m_Cookie: {fileID: 0}
  m_DrawHalo: 0
  m_Flare: {fileID: 0}
  m_RenderMode: 0
  m_CullingMask:
    serializedVersion: 2
    m_Bits: 4294967295
  m_Lightmapping: 4
  m_LightShadowCasterMode: 0
  m_AreaSize: {x: 1, y: 1}
  m_BounceIntensity: 1
  m_ColorTemperature: 6570
  m_UseColorTemperature: 0
  m_ShadowRadius: 0
  m_ShadowAngle: 0
--- !u!4 &1004421208
Transform:
  m_ObjectHideFlags: 0
  m_CorrespondingSourceObject: {fileID: 0}
  m_PrefabInternal: {fileID: 0}
  m_GameObject: {fileID: 1004421206}
  m_LocalRotation: {x: 0.40821788, y: -0.23456968, z: 0.10938163, w: 0.8754261}
  m_LocalPosition: {x: 0, y: 3, z: 0}
  m_LocalScale: {x: 1, y: 1, z: 1}
  m_Children: []
  m_Father: {fileID: 0}
  m_RootOrder: 2
  m_LocalEulerAnglesHint: {x: 50, y: -30, z: 0}
--- !u!1 &1059570908
GameObject:
  m_ObjectHideFlags: 0
  m_CorrespondingSourceObject: {fileID: 0}
  m_PrefabInternal: {fileID: 0}
  serializedVersion: 6
  m_Component:
  - component: {fileID: 1059570910}
  - component: {fileID: 1059570909}
  m_Layer: 0
  m_Name: ScoreManager
  m_TagString: Untagged
  m_Icon: {fileID: 0}
  m_NavMeshLayer: 0
  m_StaticEditorFlags: 0
  m_IsActive: 1
--- !u!114 &1059570909
MonoBehaviour:
  m_ObjectHideFlags: 0
  m_CorrespondingSourceObject: {fileID: 0}
  m_PrefabInternal: {fileID: 0}
  m_GameObject: {fileID: 1059570908}
  m_Enabled: 1
  m_EditorHideFlags: 0
  m_Script: {fileID: 11500000, guid: 4a42987668400f04f942fb79c3259d38, type: 3}
  m_Name: 
  m_EditorClassIdentifier: 
--- !u!4 &1059570910
Transform:
  m_ObjectHideFlags: 0
  m_CorrespondingSourceObject: {fileID: 0}
  m_PrefabInternal: {fileID: 0}
  m_GameObject: {fileID: 1059570908}
  m_LocalRotation: {x: 0, y: 0, z: 0, w: 1}
  m_LocalPosition: {x: -166.2951, y: -25.568686, z: -21.768858}
  m_LocalScale: {x: 1, y: 1, z: 1}
  m_Children: []
  m_Father: {fileID: 0}
  m_RootOrder: 4
  m_LocalEulerAnglesHint: {x: 0, y: 0, z: 0}
--- !u!1 &1103249074
GameObject:
  m_ObjectHideFlags: 0
  m_CorrespondingSourceObject: {fileID: 0}
  m_PrefabInternal: {fileID: 0}
  serializedVersion: 6
  m_Component:
  - component: {fileID: 1103249075}
  m_Layer: 0
  m_Name: Turn Signals
  m_TagString: StartPoint
  m_Icon: {fileID: 0}
  m_NavMeshLayer: 0
  m_StaticEditorFlags: 0
  m_IsActive: 1
--- !u!4 &1103249075
Transform:
  m_ObjectHideFlags: 0
  m_CorrespondingSourceObject: {fileID: 0}
  m_PrefabInternal: {fileID: 0}
  m_GameObject: {fileID: 1103249074}
  m_LocalRotation: {x: -0, y: 0.74619675, z: -0, w: 0.6657256}
  m_LocalPosition: {x: -0.024691703, y: 0.08865908, z: -0.21591249}
  m_LocalScale: {x: 0.023392873, y: 0.023392897, z: 0.023392873}
  m_Children:
  - {fileID: 997988241}
  - {fileID: 761939845}
  m_Father: {fileID: 1367145314}
  m_RootOrder: 12
  m_LocalEulerAnglesHint: {x: 0, y: 0, z: 0}
--- !u!1 &1294269938 stripped
GameObject:
  m_CorrespondingSourceObject: {fileID: 1982915442626352, guid: 2fbfab9add6782b498854f52fe81f730,
    type: 2}
  m_PrefabInternal: {fileID: 1356157479}
--- !u!114 &1294269939
MonoBehaviour:
  m_ObjectHideFlags: 0
  m_CorrespondingSourceObject: {fileID: 0}
  m_PrefabInternal: {fileID: 0}
  m_GameObject: {fileID: 1294269938}
  m_Enabled: 1
  m_EditorHideFlags: 0
  m_Script: {fileID: 11500000, guid: 54705a76b0f80bf49a6fa69401c3812a, type: 3}
  m_Name: 
  m_EditorClassIdentifier: 
  Player: {fileID: 1294269938}
  PlayerHead: {fileID: 0}
  CoinSpawner: {fileID: 1770817735}
  CoinSpawn: {fileID: 114591275163676944, guid: 77bd72b851289354ebf916c7ab60429a,
    type: 2}
  NumCoinSpawnPoints: 0
  CoinSpawnList:
  - {fileID: 0}
  - {fileID: 0}
  - {fileID: 0}
  - {fileID: 0}
  - {fileID: 0}
  - {fileID: 0}
  - {fileID: 0}
  - {fileID: 0}
  - {fileID: 0}
  - {fileID: 0}
  - {fileID: 0}
  - {fileID: 0}
  - {fileID: 0}
  - {fileID: 0}
  - {fileID: 0}
  - {fileID: 0}
  - {fileID: 0}
  - {fileID: 0}
  - {fileID: 0}
  - {fileID: 0}
--- !u!114 &1294269940
MonoBehaviour:
  m_ObjectHideFlags: 0
  m_CorrespondingSourceObject: {fileID: 0}
  m_PrefabInternal: {fileID: 0}
  m_GameObject: {fileID: 1294269938}
  m_Enabled: 0
  m_EditorHideFlags: 0
  m_Script: {fileID: 11500000, guid: cddc9ee126cd90746ab7ad39b278f076, type: 3}
  m_Name: 
  m_EditorClassIdentifier: 
--- !u!4 &1337305482 stripped
Transform:
  m_CorrespondingSourceObject: {fileID: 4550378859737152, guid: 2fbfab9add6782b498854f52fe81f730,
    type: 2}
  m_PrefabInternal: {fileID: 1356157479}
--- !u!1001 &1356157479
Prefab:
  m_ObjectHideFlags: 0
  serializedVersion: 2
  m_Modification:
    m_TransformParent: {fileID: 0}
    m_Modifications:
    - target: {fileID: 114777580232129554, guid: 2fbfab9add6782b498854f52fe81f730,
        type: 2}
      propertyPath: tyreMeshes.Array.size
      value: 6
      objectReference: {fileID: 0}
    - target: {fileID: 114777580232129554, guid: 2fbfab9add6782b498854f52fe81f730,
        type: 2}
      propertyPath: wheelColliders.Array.size
      value: 6
      objectReference: {fileID: 0}
    - target: {fileID: 4508366705198456, guid: 2fbfab9add6782b498854f52fe81f730, type: 2}
      propertyPath: m_LocalPosition.x
      value: -20.1
      objectReference: {fileID: 0}
    - target: {fileID: 4508366705198456, guid: 2fbfab9add6782b498854f52fe81f730, type: 2}
      propertyPath: m_LocalPosition.y
      value: 13.56
      objectReference: {fileID: 0}
    - target: {fileID: 4508366705198456, guid: 2fbfab9add6782b498854f52fe81f730, type: 2}
      propertyPath: m_LocalPosition.z
      value: -0.61
      objectReference: {fileID: 0}
    - target: {fileID: 4508366705198456, guid: 2fbfab9add6782b498854f52fe81f730, type: 2}
      propertyPath: m_LocalRotation.x
      value: 0
      objectReference: {fileID: 0}
    - target: {fileID: 4508366705198456, guid: 2fbfab9add6782b498854f52fe81f730, type: 2}
      propertyPath: m_LocalRotation.y
      value: 0
      objectReference: {fileID: 0}
    - target: {fileID: 4508366705198456, guid: 2fbfab9add6782b498854f52fe81f730, type: 2}
      propertyPath: m_LocalRotation.z
      value: 0
      objectReference: {fileID: 0}
    - target: {fileID: 4508366705198456, guid: 2fbfab9add6782b498854f52fe81f730, type: 2}
      propertyPath: m_LocalRotation.w
      value: 1
      objectReference: {fileID: 0}
    - target: {fileID: 4508366705198456, guid: 2fbfab9add6782b498854f52fe81f730, type: 2}
      propertyPath: m_RootOrder
      value: 5
      objectReference: {fileID: 0}
    - target: {fileID: 1982915442626352, guid: 2fbfab9add6782b498854f52fe81f730, type: 2}
      propertyPath: m_Name
      value: PlayerTruck (1)
      objectReference: {fileID: 0}
    - target: {fileID: 114777580232129554, guid: 2fbfab9add6782b498854f52fe81f730,
        type: 2}
      propertyPath: wheelColliders.Array.data[0]
      value: 
      objectReference: {fileID: 1718915075}
    - target: {fileID: 114777580232129554, guid: 2fbfab9add6782b498854f52fe81f730,
        type: 2}
      propertyPath: wheelColliders.Array.data[1]
      value: 
      objectReference: {fileID: 736464366}
    - target: {fileID: 114777580232129554, guid: 2fbfab9add6782b498854f52fe81f730,
        type: 2}
      propertyPath: wheelColliders.Array.data[3]
      value: 
      objectReference: {fileID: 1523935835}
    - target: {fileID: 114777580232129554, guid: 2fbfab9add6782b498854f52fe81f730,
        type: 2}
      propertyPath: wheelColliders.Array.data[2]
      value: 
      objectReference: {fileID: 1970864687}
    - target: {fileID: 114777580232129554, guid: 2fbfab9add6782b498854f52fe81f730,
        type: 2}
      propertyPath: wheelColliders.Array.data[4]
      value: 
      objectReference: {fileID: 673918292}
    - target: {fileID: 114777580232129554, guid: 2fbfab9add6782b498854f52fe81f730,
        type: 2}
      propertyPath: wheelColliders.Array.data[5]
      value: 
      objectReference: {fileID: 515538119}
    - target: {fileID: 114777580232129554, guid: 2fbfab9add6782b498854f52fe81f730,
        type: 2}
      propertyPath: wheelColliders.Array.data[6]
      value: 
      objectReference: {fileID: 1523935835}
    - target: {fileID: 114777580232129554, guid: 2fbfab9add6782b498854f52fe81f730,
        type: 2}
      propertyPath: wheelColliders.Array.data[7]
      value: 
      objectReference: {fileID: 1523935835}
    - target: {fileID: 114777580232129554, guid: 2fbfab9add6782b498854f52fe81f730,
        type: 2}
      propertyPath: wheelColliders.Array.data[8]
      value: 
      objectReference: {fileID: 1523935835}
    - target: {fileID: 114777580232129554, guid: 2fbfab9add6782b498854f52fe81f730,
        type: 2}
      propertyPath: wheelColliders.Array.data[9]
      value: 
      objectReference: {fileID: 1523935835}
    - target: {fileID: 114777580232129554, guid: 2fbfab9add6782b498854f52fe81f730,
        type: 2}
      propertyPath: wheelColliders.Array.data[10]
      value: 
      objectReference: {fileID: 1523935835}
    - target: {fileID: 114777580232129554, guid: 2fbfab9add6782b498854f52fe81f730,
        type: 2}
      propertyPath: wheelColliders.Array.data[11]
      value: 
      objectReference: {fileID: 1523935835}
    - target: {fileID: 114777580232129554, guid: 2fbfab9add6782b498854f52fe81f730,
        type: 2}
      propertyPath: wheelColliders.Array.data[12]
      value: 
      objectReference: {fileID: 1523935835}
    - target: {fileID: 114777580232129554, guid: 2fbfab9add6782b498854f52fe81f730,
        type: 2}
      propertyPath: wheelColliders.Array.data[13]
      value: 
      objectReference: {fileID: 1523935835}
    - target: {fileID: 114777580232129554, guid: 2fbfab9add6782b498854f52fe81f730,
        type: 2}
      propertyPath: wheelColliders.Array.data[14]
      value: 
      objectReference: {fileID: 1523935835}
    - target: {fileID: 114777580232129554, guid: 2fbfab9add6782b498854f52fe81f730,
        type: 2}
      propertyPath: wheelColliders.Array.data[15]
      value: 
      objectReference: {fileID: 1523935835}
    - target: {fileID: 114777580232129554, guid: 2fbfab9add6782b498854f52fe81f730,
        type: 2}
      propertyPath: wheelColliders.Array.data[16]
      value: 
      objectReference: {fileID: 1523935835}
    - target: {fileID: 114777580232129554, guid: 2fbfab9add6782b498854f52fe81f730,
        type: 2}
      propertyPath: wheelColliders.Array.data[17]
      value: 
      objectReference: {fileID: 1523935835}
    - target: {fileID: 114777580232129554, guid: 2fbfab9add6782b498854f52fe81f730,
        type: 2}
      propertyPath: wheelColliders.Array.data[18]
      value: 
      objectReference: {fileID: 1523935835}
    - target: {fileID: 114777580232129554, guid: 2fbfab9add6782b498854f52fe81f730,
        type: 2}
      propertyPath: wheelColliders.Array.data[19]
      value: 
      objectReference: {fileID: 1523935835}
    - target: {fileID: 114777580232129554, guid: 2fbfab9add6782b498854f52fe81f730,
        type: 2}
      propertyPath: wheelColliders.Array.data[20]
      value: 
      objectReference: {fileID: 1523935835}
    - target: {fileID: 114777580232129554, guid: 2fbfab9add6782b498854f52fe81f730,
        type: 2}
      propertyPath: wheelColliders.Array.data[21]
      value: 
      objectReference: {fileID: 1523935835}
    - target: {fileID: 114777580232129554, guid: 2fbfab9add6782b498854f52fe81f730,
        type: 2}
      propertyPath: wheelColliders.Array.data[22]
      value: 
      objectReference: {fileID: 1523935835}
    - target: {fileID: 114777580232129554, guid: 2fbfab9add6782b498854f52fe81f730,
        type: 2}
      propertyPath: wheelColliders.Array.data[23]
      value: 
      objectReference: {fileID: 1523935835}
    - target: {fileID: 114777580232129554, guid: 2fbfab9add6782b498854f52fe81f730,
        type: 2}
      propertyPath: wheelColliders.Array.data[24]
      value: 
      objectReference: {fileID: 1523935835}
    - target: {fileID: 114777580232129554, guid: 2fbfab9add6782b498854f52fe81f730,
        type: 2}
      propertyPath: wheelColliders.Array.data[25]
      value: 
      objectReference: {fileID: 1523935835}
    - target: {fileID: 114777580232129554, guid: 2fbfab9add6782b498854f52fe81f730,
        type: 2}
      propertyPath: wheelColliders.Array.data[26]
      value: 
      objectReference: {fileID: 1523935835}
    - target: {fileID: 114777580232129554, guid: 2fbfab9add6782b498854f52fe81f730,
        type: 2}
      propertyPath: wheelColliders.Array.data[27]
      value: 
      objectReference: {fileID: 1523935835}
    - target: {fileID: 114777580232129554, guid: 2fbfab9add6782b498854f52fe81f730,
        type: 2}
      propertyPath: wheelColliders.Array.data[28]
      value: 
      objectReference: {fileID: 1523935835}
    - target: {fileID: 114777580232129554, guid: 2fbfab9add6782b498854f52fe81f730,
        type: 2}
      propertyPath: wheelColliders.Array.data[29]
      value: 
      objectReference: {fileID: 1523935835}
    - target: {fileID: 114777580232129554, guid: 2fbfab9add6782b498854f52fe81f730,
        type: 2}
      propertyPath: wheelColliders.Array.data[30]
      value: 
      objectReference: {fileID: 1523935835}
    - target: {fileID: 114777580232129554, guid: 2fbfab9add6782b498854f52fe81f730,
        type: 2}
      propertyPath: wheelColliders.Array.data[31]
      value: 
      objectReference: {fileID: 1523935835}
    - target: {fileID: 114777580232129554, guid: 2fbfab9add6782b498854f52fe81f730,
        type: 2}
      propertyPath: wheelColliders.Array.data[32]
      value: 
      objectReference: {fileID: 1523935835}
    - target: {fileID: 114777580232129554, guid: 2fbfab9add6782b498854f52fe81f730,
        type: 2}
      propertyPath: wheelColliders.Array.data[33]
      value: 
      objectReference: {fileID: 1523935835}
    - target: {fileID: 114777580232129554, guid: 2fbfab9add6782b498854f52fe81f730,
        type: 2}
      propertyPath: wheelColliders.Array.data[34]
      value: 
      objectReference: {fileID: 1523935835}
    - target: {fileID: 114777580232129554, guid: 2fbfab9add6782b498854f52fe81f730,
        type: 2}
      propertyPath: wheelColliders.Array.data[35]
      value: 
      objectReference: {fileID: 1523935835}
    - target: {fileID: 114777580232129554, guid: 2fbfab9add6782b498854f52fe81f730,
        type: 2}
      propertyPath: wheelColliders.Array.data[36]
      value: 
      objectReference: {fileID: 1523935835}
    - target: {fileID: 114777580232129554, guid: 2fbfab9add6782b498854f52fe81f730,
        type: 2}
      propertyPath: wheelColliders.Array.data[37]
      value: 
      objectReference: {fileID: 1523935835}
    - target: {fileID: 114777580232129554, guid: 2fbfab9add6782b498854f52fe81f730,
        type: 2}
      propertyPath: wheelColliders.Array.data[38]
      value: 
      objectReference: {fileID: 1523935835}
    - target: {fileID: 114777580232129554, guid: 2fbfab9add6782b498854f52fe81f730,
        type: 2}
      propertyPath: wheelColliders.Array.data[39]
      value: 
      objectReference: {fileID: 1523935835}
    - target: {fileID: 114777580232129554, guid: 2fbfab9add6782b498854f52fe81f730,
        type: 2}
      propertyPath: wheelColliders.Array.data[40]
      value: 
      objectReference: {fileID: 1523935835}
    - target: {fileID: 114777580232129554, guid: 2fbfab9add6782b498854f52fe81f730,
        type: 2}
      propertyPath: wheelColliders.Array.data[41]
      value: 
      objectReference: {fileID: 1523935835}
    - target: {fileID: 114777580232129554, guid: 2fbfab9add6782b498854f52fe81f730,
        type: 2}
      propertyPath: wheelColliders.Array.data[42]
      value: 
      objectReference: {fileID: 1523935835}
    - target: {fileID: 114777580232129554, guid: 2fbfab9add6782b498854f52fe81f730,
        type: 2}
      propertyPath: wheelColliders.Array.data[43]
      value: 
      objectReference: {fileID: 1523935835}
    - target: {fileID: 114777580232129554, guid: 2fbfab9add6782b498854f52fe81f730,
        type: 2}
      propertyPath: wheelColliders.Array.data[44]
      value: 
      objectReference: {fileID: 1523935835}
    - target: {fileID: 114777580232129554, guid: 2fbfab9add6782b498854f52fe81f730,
        type: 2}
      propertyPath: wheelColliders.Array.data[45]
      value: 
      objectReference: {fileID: 1523935835}
    - target: {fileID: 114777580232129554, guid: 2fbfab9add6782b498854f52fe81f730,
        type: 2}
      propertyPath: wheelColliders.Array.data[46]
      value: 
      objectReference: {fileID: 1523935835}
    - target: {fileID: 114777580232129554, guid: 2fbfab9add6782b498854f52fe81f730,
        type: 2}
      propertyPath: wheelColliders.Array.data[47]
      value: 
      objectReference: {fileID: 1523935835}
    - target: {fileID: 114777580232129554, guid: 2fbfab9add6782b498854f52fe81f730,
        type: 2}
      propertyPath: wheelColliders.Array.data[48]
      value: 
      objectReference: {fileID: 1523935835}
    - target: {fileID: 114777580232129554, guid: 2fbfab9add6782b498854f52fe81f730,
        type: 2}
      propertyPath: wheelColliders.Array.data[49]
      value: 
      objectReference: {fileID: 1523935835}
    - target: {fileID: 114777580232129554, guid: 2fbfab9add6782b498854f52fe81f730,
        type: 2}
      propertyPath: wheelColliders.Array.data[50]
      value: 
      objectReference: {fileID: 1523935835}
    - target: {fileID: 114777580232129554, guid: 2fbfab9add6782b498854f52fe81f730,
        type: 2}
      propertyPath: wheelColliders.Array.data[51]
      value: 
      objectReference: {fileID: 1523935835}
    - target: {fileID: 114777580232129554, guid: 2fbfab9add6782b498854f52fe81f730,
        type: 2}
      propertyPath: wheelColliders.Array.data[52]
      value: 
      objectReference: {fileID: 1523935835}
    - target: {fileID: 114777580232129554, guid: 2fbfab9add6782b498854f52fe81f730,
        type: 2}
      propertyPath: wheelColliders.Array.data[53]
      value: 
      objectReference: {fileID: 1523935835}
    - target: {fileID: 114777580232129554, guid: 2fbfab9add6782b498854f52fe81f730,
        type: 2}
      propertyPath: wheelColliders.Array.data[54]
      value: 
      objectReference: {fileID: 1523935835}
    - target: {fileID: 114777580232129554, guid: 2fbfab9add6782b498854f52fe81f730,
        type: 2}
      propertyPath: wheelColliders.Array.data[55]
      value: 
      objectReference: {fileID: 1523935835}
    - target: {fileID: 114777580232129554, guid: 2fbfab9add6782b498854f52fe81f730,
        type: 2}
      propertyPath: wheelColliders.Array.data[56]
      value: 
      objectReference: {fileID: 1523935835}
    - target: {fileID: 114777580232129554, guid: 2fbfab9add6782b498854f52fe81f730,
        type: 2}
      propertyPath: wheelColliders.Array.data[57]
      value: 
      objectReference: {fileID: 1523935835}
    - target: {fileID: 114777580232129554, guid: 2fbfab9add6782b498854f52fe81f730,
        type: 2}
      propertyPath: wheelColliders.Array.data[58]
      value: 
      objectReference: {fileID: 1523935835}
    - target: {fileID: 114777580232129554, guid: 2fbfab9add6782b498854f52fe81f730,
        type: 2}
      propertyPath: wheelColliders.Array.data[59]
      value: 
      objectReference: {fileID: 1523935835}
    - target: {fileID: 114777580232129554, guid: 2fbfab9add6782b498854f52fe81f730,
        type: 2}
      propertyPath: wheelColliders.Array.data[60]
      value: 
      objectReference: {fileID: 1523935835}
    - target: {fileID: 114777580232129554, guid: 2fbfab9add6782b498854f52fe81f730,
        type: 2}
      propertyPath: wheelColliders.Array.data[61]
      value: 
      objectReference: {fileID: 1523935835}
    - target: {fileID: 114777580232129554, guid: 2fbfab9add6782b498854f52fe81f730,
        type: 2}
      propertyPath: wheelColliders.Array.data[62]
      value: 
      objectReference: {fileID: 1523935835}
    - target: {fileID: 114777580232129554, guid: 2fbfab9add6782b498854f52fe81f730,
        type: 2}
      propertyPath: wheelColliders.Array.data[63]
      value: 
      objectReference: {fileID: 1523935835}
    - target: {fileID: 114777580232129554, guid: 2fbfab9add6782b498854f52fe81f730,
        type: 2}
      propertyPath: tyreMeshes.Array.data[0]
      value: 
      objectReference: {fileID: 718827768}
    - target: {fileID: 114777580232129554, guid: 2fbfab9add6782b498854f52fe81f730,
        type: 2}
      propertyPath: tyreMeshes.Array.data[1]
      value: 
      objectReference: {fileID: 392819455}
    - target: {fileID: 114777580232129554, guid: 2fbfab9add6782b498854f52fe81f730,
        type: 2}
      propertyPath: tyreMeshes.Array.data[2]
      value: 
      objectReference: {fileID: 2009208266}
    - target: {fileID: 114777580232129554, guid: 2fbfab9add6782b498854f52fe81f730,
        type: 2}
      propertyPath: tyreMeshes.Array.data[3]
      value: 
      objectReference: {fileID: 1587576043}
    - target: {fileID: 114777580232129554, guid: 2fbfab9add6782b498854f52fe81f730,
        type: 2}
      propertyPath: tyreMeshes.Array.data[4]
      value: 
      objectReference: {fileID: 1337305482}
    - target: {fileID: 114777580232129554, guid: 2fbfab9add6782b498854f52fe81f730,
        type: 2}
      propertyPath: tyreMeshes.Array.data[5]
      value: 
      objectReference: {fileID: 1419614797}
    - target: {fileID: 4076355498915116, guid: 2fbfab9add6782b498854f52fe81f730, type: 2}
      propertyPath: m_LocalRotation.x
      value: 0
      objectReference: {fileID: 0}
    - target: {fileID: 4076355498915116, guid: 2fbfab9add6782b498854f52fe81f730, type: 2}
      propertyPath: m_LocalRotation.y
      value: 0
      objectReference: {fileID: 0}
    - target: {fileID: 4076355498915116, guid: 2fbfab9add6782b498854f52fe81f730, type: 2}
      propertyPath: m_LocalRotation.z
      value: -0.021465842
      objectReference: {fileID: 0}
    - target: {fileID: 4076355498915116, guid: 2fbfab9add6782b498854f52fe81f730, type: 2}
      propertyPath: m_LocalRotation.w
      value: 0.99976957
      objectReference: {fileID: 0}
    - target: {fileID: 4076355498915116, guid: 2fbfab9add6782b498854f52fe81f730, type: 2}
      propertyPath: m_LocalEulerAnglesHint.y
      value: 0
      objectReference: {fileID: 0}
    - target: {fileID: 4864940757715064, guid: 2fbfab9add6782b498854f52fe81f730, type: 2}
      propertyPath: m_LocalRotation.x
      value: -0
      objectReference: {fileID: 0}
    - target: {fileID: 4864940757715064, guid: 2fbfab9add6782b498854f52fe81f730, type: 2}
      propertyPath: m_LocalRotation.y
      value: -0.6993152
      objectReference: {fileID: 0}
    - target: {fileID: 4864940757715064, guid: 2fbfab9add6782b498854f52fe81f730, type: 2}
      propertyPath: m_LocalRotation.z
      value: -0
      objectReference: {fileID: 0}
    - target: {fileID: 4864940757715064, guid: 2fbfab9add6782b498854f52fe81f730, type: 2}
      propertyPath: m_LocalRotation.w
      value: 0.7148135
      objectReference: {fileID: 0}
    - target: {fileID: 4864940757715064, guid: 2fbfab9add6782b498854f52fe81f730, type: 2}
      propertyPath: m_LocalEulerAnglesHint.z
      value: 0
      objectReference: {fileID: 0}
    - target: {fileID: 4864940757715064, guid: 2fbfab9add6782b498854f52fe81f730, type: 2}
      propertyPath: m_LocalEulerAnglesHint.x
      value: 0
      objectReference: {fileID: 0}
    - target: {fileID: 4864940757715064, guid: 2fbfab9add6782b498854f52fe81f730, type: 2}
      propertyPath: m_LocalEulerAnglesHint.y
      value: -88.744
      objectReference: {fileID: 0}
    - target: {fileID: 4864940757715064, guid: 2fbfab9add6782b498854f52fe81f730, type: 2}
      propertyPath: m_LocalPosition.x
      value: 0.002
      objectReference: {fileID: 0}
    - target: {fileID: 4864940757715064, guid: 2fbfab9add6782b498854f52fe81f730, type: 2}
      propertyPath: m_LocalPosition.z
      value: 0.0148
      objectReference: {fileID: 0}
    - target: {fileID: 4864940757715064, guid: 2fbfab9add6782b498854f52fe81f730, type: 2}
      propertyPath: m_LocalPosition.y
      value: 0.0089
      objectReference: {fileID: 0}
    - target: {fileID: 4072431660759142, guid: 2fbfab9add6782b498854f52fe81f730, type: 2}
      propertyPath: m_LocalRotation.x
      value: 0
      objectReference: {fileID: 0}
    - target: {fileID: 4072431660759142, guid: 2fbfab9add6782b498854f52fe81f730, type: 2}
      propertyPath: m_LocalRotation.y
      value: -0.7071068
      objectReference: {fileID: 0}
    - target: {fileID: 4072431660759142, guid: 2fbfab9add6782b498854f52fe81f730, type: 2}
      propertyPath: m_LocalRotation.z
      value: 0
      objectReference: {fileID: 0}
    - target: {fileID: 4072431660759142, guid: 2fbfab9add6782b498854f52fe81f730, type: 2}
      propertyPath: m_LocalRotation.w
      value: 0.7071068
      objectReference: {fileID: 0}
    - target: {fileID: 4072431660759142, guid: 2fbfab9add6782b498854f52fe81f730, type: 2}
      propertyPath: m_LocalEulerAnglesHint.y
      value: -90
      objectReference: {fileID: 0}
    - target: {fileID: 4072431660759142, guid: 2fbfab9add6782b498854f52fe81f730, type: 2}
      propertyPath: m_LocalEulerAnglesHint.x
      value: 0
      objectReference: {fileID: 0}
    - target: {fileID: 4072431660759142, guid: 2fbfab9add6782b498854f52fe81f730, type: 2}
      propertyPath: m_LocalPosition.x
      value: -0.0013
      objectReference: {fileID: 0}
    - target: {fileID: 4072431660759142, guid: 2fbfab9add6782b498854f52fe81f730, type: 2}
      propertyPath: m_LocalPosition.y
      value: 0.009
      objectReference: {fileID: 0}
    - target: {fileID: 4072431660759142, guid: 2fbfab9add6782b498854f52fe81f730, type: 2}
      propertyPath: m_LocalPosition.z
      value: 0.0141
      objectReference: {fileID: 0}
    - target: {fileID: 114777580232129554, guid: 2fbfab9add6782b498854f52fe81f730,
        type: 2}
      propertyPath: LeftSignal
      value: 
      objectReference: {fileID: 997988240}
    - target: {fileID: 114777580232129554, guid: 2fbfab9add6782b498854f52fe81f730,
        type: 2}
      propertyPath: RightSignal
      value: 
      objectReference: {fileID: 761939844}
    - target: {fileID: 1478362058755712, guid: 2fbfab9add6782b498854f52fe81f730, type: 2}
      propertyPath: m_TagString
      value: PlayerHeadCol
      objectReference: {fileID: 0}
    - target: {fileID: 59336605719293052, guid: 2fbfab9add6782b498854f52fe81f730,
        type: 2}
      propertyPath: m_Axis.x
      value: 0
      objectReference: {fileID: 0}
    - target: {fileID: 59336605719293052, guid: 2fbfab9add6782b498854f52fe81f730,
        type: 2}
      propertyPath: m_Axis.y
      value: 1
      objectReference: {fileID: 0}
    - target: {fileID: 59336605719293052, guid: 2fbfab9add6782b498854f52fe81f730,
        type: 2}
      propertyPath: m_UseLimits
      value: 1
      objectReference: {fileID: 0}
    - target: {fileID: 59336605719293052, guid: 2fbfab9add6782b498854f52fe81f730,
        type: 2}
      propertyPath: m_Limits.max
      value: 30
      objectReference: {fileID: 0}
    - target: {fileID: 59336605719293052, guid: 2fbfab9add6782b498854f52fe81f730,
        type: 2}
      propertyPath: m_Limits.min
      value: -30
      objectReference: {fileID: 0}
    - target: {fileID: 1224520508347538, guid: 2fbfab9add6782b498854f52fe81f730, type: 2}
      propertyPath: m_IsActive
      value: 0
      objectReference: {fileID: 0}
    - target: {fileID: 4309173641085326, guid: 2fbfab9add6782b498854f52fe81f730, type: 2}
      propertyPath: m_RootOrder
      value: 2
      objectReference: {fileID: 0}
    - target: {fileID: 4368348189938424, guid: 2fbfab9add6782b498854f52fe81f730, type: 2}
      propertyPath: m_RootOrder
      value: 0
      objectReference: {fileID: 0}
    - target: {fileID: 4344200095880508, guid: 2fbfab9add6782b498854f52fe81f730, type: 2}
      propertyPath: m_RootOrder
      value: 1
      objectReference: {fileID: 0}
    - target: {fileID: 114777580232129554, guid: 2fbfab9add6782b498854f52fe81f730,
        type: 2}
      propertyPath: acceleration
      value: 500
      objectReference: {fileID: 0}
    - target: {fileID: 114777580232129554, guid: 2fbfab9add6782b498854f52fe81f730,
        type: 2}
      propertyPath: ChangePerSecond
      value: 2
      objectReference: {fileID: 0}
    - target: {fileID: 114777580232129554, guid: 2fbfab9add6782b498854f52fe81f730,
        type: 2}
      propertyPath: maxTorque
      value: 80
      objectReference: {fileID: 0}
    - target: {fileID: 4368348189938424, guid: 2fbfab9add6782b498854f52fe81f730, type: 2}
      propertyPath: m_LocalRotation.x
      value: 0
      objectReference: {fileID: 0}
    - target: {fileID: 4368348189938424, guid: 2fbfab9add6782b498854f52fe81f730, type: 2}
      propertyPath: m_LocalRotation.y
      value: -0.7071068
      objectReference: {fileID: 0}
    - target: {fileID: 4368348189938424, guid: 2fbfab9add6782b498854f52fe81f730, type: 2}
      propertyPath: m_LocalRotation.z
      value: 0
      objectReference: {fileID: 0}
    - target: {fileID: 4368348189938424, guid: 2fbfab9add6782b498854f52fe81f730, type: 2}
      propertyPath: m_LocalRotation.w
      value: 0.7071068
      objectReference: {fileID: 0}
    - target: {fileID: 4368348189938424, guid: 2fbfab9add6782b498854f52fe81f730, type: 2}
      propertyPath: m_LocalEulerAnglesHint.y
      value: -90
      objectReference: {fileID: 0}
    - target: {fileID: 4309173641085326, guid: 2fbfab9add6782b498854f52fe81f730, type: 2}
      propertyPath: m_LocalRotation.x
      value: 0
      objectReference: {fileID: 0}
    - target: {fileID: 4309173641085326, guid: 2fbfab9add6782b498854f52fe81f730, type: 2}
      propertyPath: m_LocalRotation.y
      value: -0.7071068
      objectReference: {fileID: 0}
    - target: {fileID: 4309173641085326, guid: 2fbfab9add6782b498854f52fe81f730, type: 2}
      propertyPath: m_LocalRotation.z
      value: 0
      objectReference: {fileID: 0}
    - target: {fileID: 4309173641085326, guid: 2fbfab9add6782b498854f52fe81f730, type: 2}
      propertyPath: m_LocalRotation.w
      value: 0.7071068
      objectReference: {fileID: 0}
    - target: {fileID: 4309173641085326, guid: 2fbfab9add6782b498854f52fe81f730, type: 2}
      propertyPath: m_LocalEulerAnglesHint.y
      value: -90
      objectReference: {fileID: 0}
    - target: {fileID: 4344200095880508, guid: 2fbfab9add6782b498854f52fe81f730, type: 2}
      propertyPath: m_LocalRotation.x
      value: 0
      objectReference: {fileID: 0}
    - target: {fileID: 4344200095880508, guid: 2fbfab9add6782b498854f52fe81f730, type: 2}
      propertyPath: m_LocalRotation.y
      value: -0.7071068
      objectReference: {fileID: 0}
    - target: {fileID: 4344200095880508, guid: 2fbfab9add6782b498854f52fe81f730, type: 2}
      propertyPath: m_LocalRotation.z
      value: 0
      objectReference: {fileID: 0}
    - target: {fileID: 4344200095880508, guid: 2fbfab9add6782b498854f52fe81f730, type: 2}
      propertyPath: m_LocalRotation.w
      value: 0.7071068
      objectReference: {fileID: 0}
    - target: {fileID: 4344200095880508, guid: 2fbfab9add6782b498854f52fe81f730, type: 2}
      propertyPath: m_LocalEulerAnglesHint.y
      value: -90
      objectReference: {fileID: 0}
    m_RemovedComponents:
    - {fileID: 114151425748681274, guid: 2fbfab9add6782b498854f52fe81f730, type: 2}
  m_SourcePrefab: {fileID: 100100000, guid: 2fbfab9add6782b498854f52fe81f730, type: 2}
  m_IsPrefabAsset: 0
--- !u!4 &1367145314 stripped
Transform:
  m_CorrespondingSourceObject: {fileID: 4368348189938424, guid: 2fbfab9add6782b498854f52fe81f730,
    type: 2}
  m_PrefabInternal: {fileID: 1356157479}
--- !u!4 &1419614797 stripped
Transform:
  m_CorrespondingSourceObject: {fileID: 4227944068970030, guid: 2fbfab9add6782b498854f52fe81f730,
    type: 2}
  m_PrefabInternal: {fileID: 1356157479}
--- !u!146 &1523935835 stripped
WheelCollider:
  m_CorrespondingSourceObject: {fileID: 146190329189388602, guid: 2fbfab9add6782b498854f52fe81f730,
    type: 2}
  m_PrefabInternal: {fileID: 1356157479}
--- !u!4 &1587576043 stripped
Transform:
  m_CorrespondingSourceObject: {fileID: 4052905383019830, guid: 2fbfab9add6782b498854f52fe81f730,
    type: 2}
  m_PrefabInternal: {fileID: 1356157479}
--- !u!146 &1718915075 stripped
WheelCollider:
  m_CorrespondingSourceObject: {fileID: 146053453937585624, guid: 2fbfab9add6782b498854f52fe81f730,
    type: 2}
  m_PrefabInternal: {fileID: 1356157479}
--- !u!1 &1770817734
GameObject:
  m_ObjectHideFlags: 0
  m_CorrespondingSourceObject: {fileID: 0}
  m_PrefabInternal: {fileID: 0}
  serializedVersion: 6
  m_Component:
  - component: {fileID: 1770817735}
  m_Layer: 0
  m_Name: CoinSpawner
  m_TagString: CoinSpawner
  m_Icon: {fileID: 0}
  m_NavMeshLayer: 0
  m_StaticEditorFlags: 0
  m_IsActive: 1
--- !u!4 &1770817735
Transform:
  m_ObjectHideFlags: 0
  m_CorrespondingSourceObject: {fileID: 0}
  m_PrefabInternal: {fileID: 0}
  m_GameObject: {fileID: 1770817734}
  m_LocalRotation: {x: 0, y: 0.7071068, z: 0, w: 0.7071068}
  m_LocalPosition: {x: -0.0092, y: 0.0818, z: -0.06}
  m_LocalScale: {x: 1, y: 1, z: 1}
  m_Children: []
  m_Father: {fileID: 1367145314}
  m_RootOrder: 13
  m_LocalEulerAnglesHint: {x: 0, y: 90, z: 0}
--- !u!1001 &1771960130
Prefab:
  m_ObjectHideFlags: 0
  serializedVersion: 2
  m_Modification:
    m_TransformParent: {fileID: 0}
    m_Modifications:
    - target: {fileID: 4933161759794472, guid: e8a955403653a9844bcdfd5e67246583, type: 2}
      propertyPath: m_LocalPosition.x
      value: 0
      objectReference: {fileID: 0}
    - target: {fileID: 4933161759794472, guid: e8a955403653a9844bcdfd5e67246583, type: 2}
      propertyPath: m_LocalPosition.y
      value: 0
      objectReference: {fileID: 0}
    - target: {fileID: 4933161759794472, guid: e8a955403653a9844bcdfd5e67246583, type: 2}
      propertyPath: m_LocalPosition.z
      value: 0
      objectReference: {fileID: 0}
    - target: {fileID: 4933161759794472, guid: e8a955403653a9844bcdfd5e67246583, type: 2}
      propertyPath: m_LocalRotation.x
      value: 0
      objectReference: {fileID: 0}
    - target: {fileID: 4933161759794472, guid: e8a955403653a9844bcdfd5e67246583, type: 2}
      propertyPath: m_LocalRotation.y
      value: 0
      objectReference: {fileID: 0}
    - target: {fileID: 4933161759794472, guid: e8a955403653a9844bcdfd5e67246583, type: 2}
      propertyPath: m_LocalRotation.z
      value: 0
      objectReference: {fileID: 0}
    - target: {fileID: 4933161759794472, guid: e8a955403653a9844bcdfd5e67246583, type: 2}
      propertyPath: m_LocalRotation.w
      value: 1
      objectReference: {fileID: 0}
    - target: {fileID: 4933161759794472, guid: e8a955403653a9844bcdfd5e67246583, type: 2}
      propertyPath: m_RootOrder
      value: 3
      objectReference: {fileID: 0}
    - target: {fileID: 114752585090787326, guid: e8a955403653a9844bcdfd5e67246583,
        type: 2}
      propertyPath: rawStartingRoad.Array.data[1]
      value: 
      objectReference: {fileID: 4124803924318280, guid: 38cc7ad5e4a36fc4f9ba2f2582f2d090,
        type: 2}
    - target: {fileID: 114752585090787326, guid: e8a955403653a9844bcdfd5e67246583,
        type: 2}
      propertyPath: StartingRoadLen
      value: 3
      objectReference: {fileID: 0}
    m_RemovedComponents: []
  m_SourcePrefab: {fileID: 100100000, guid: e8a955403653a9844bcdfd5e67246583, type: 2}
  m_IsPrefabAsset: 0
--- !u!146 &1970864687 stripped
WheelCollider:
  m_CorrespondingSourceObject: {fileID: 146074321964443398, guid: 2fbfab9add6782b498854f52fe81f730,
    type: 2}
  m_PrefabInternal: {fileID: 1356157479}
--- !u!4 &2009208266 stripped
Transform:
  m_CorrespondingSourceObject: {fileID: 4951102095069454, guid: 2fbfab9add6782b498854f52fe81f730,
    type: 2}
  m_PrefabInternal: {fileID: 1356157479}
--- !u!1 &2010940935
GameObject:
  m_ObjectHideFlags: 0
  m_CorrespondingSourceObject: {fileID: 0}
  m_PrefabInternal: {fileID: 0}
  serializedVersion: 6
  m_Component:
  - component: {fileID: 2010940938}
  - component: {fileID: 2010940937}
  - component: {fileID: 2010940936}
  m_Layer: 0
  m_Name: Main Camera
  m_TagString: MainCamera
  m_Icon: {fileID: 0}
  m_NavMeshLayer: 0
  m_StaticEditorFlags: 0
  m_IsActive: 1
--- !u!81 &2010940936
AudioListener:
  m_ObjectHideFlags: 0
  m_CorrespondingSourceObject: {fileID: 0}
  m_PrefabInternal: {fileID: 0}
  m_GameObject: {fileID: 2010940935}
  m_Enabled: 1
--- !u!20 &2010940937
Camera:
  m_ObjectHideFlags: 0
  m_CorrespondingSourceObject: {fileID: 0}
  m_PrefabInternal: {fileID: 0}
  m_GameObject: {fileID: 2010940935}
  m_Enabled: 1
  serializedVersion: 2
  m_ClearFlags: 1
  m_BackGroundColor: {r: 0.19215687, g: 0.3019608, b: 0.4745098, a: 0}
  m_projectionMatrixMode: 1
  m_SensorSize: {x: 36, y: 24}
  m_LensShift: {x: 0, y: 0}
  m_FocalLength: 50
  m_NormalizedViewPortRect:
    serializedVersion: 2
    x: 0
    y: 0
    width: 1
    height: 1
  near clip plane: 0.3
  far clip plane: 1000
  field of view: 60
  orthographic: 0
  orthographic size: 5
  m_Depth: -1
  m_CullingMask:
    serializedVersion: 2
    m_Bits: 4294967295
  m_RenderingPath: -1
  m_TargetTexture: {fileID: 0}
  m_TargetDisplay: 0
  m_TargetEye: 3
  m_HDR: 1
  m_AllowMSAA: 1
  m_AllowDynamicResolution: 0
  m_ForceIntoRT: 0
  m_OcclusionCulling: 1
  m_StereoConvergence: 10
  m_StereoSeparation: 0.022
--- !u!4 &2010940938
Transform:
  m_ObjectHideFlags: 0
  m_CorrespondingSourceObject: {fileID: 0}
  m_PrefabInternal: {fileID: 0}
  m_GameObject: {fileID: 2010940935}
  m_LocalRotation: {x: 0, y: 0, z: 0, w: 1}
  m_LocalPosition: {x: 0, y: 1, z: -10}
  m_LocalScale: {x: 1, y: 1, z: 1}
  m_Children: []
  m_Father: {fileID: 0}
  m_RootOrder: 0
  m_LocalEulerAnglesHint: {x: 0, y: 0, z: 0}
